@article{basepaper,
title = {Learning To Count Objects in Images},
author = {Victor Lempitsky and Zisserman, Andrew},
journal = {Advances in Neural Information Processing Systems 23},
editor = {J.D. Lafferty and C.K.I. Williams and J. Shawe-Taylor and R.S. Zemel and A. Culotta},
pages = {1324--1332},
year = {2010},
publisher = {Curran Associates, Inc.},
url = {http://papers.nips.cc/paper/4043-learning-to-count-objects-in-images.pdf}
}

@article{multisource, 
author={Idrees, H. and Saleemi, I. and Seibert, C. and Shah, M.}, 
journal={Computer Vision and Pattern Recognition (CVPR), 2013 IEEE Conference on}, 
title={Multi-source Multi-scale Counting in Extremely Dense Crowd Images}, 
year={2013}, 
month={June}, 
pages={2547-2554}, 
keywords={Markov processes;frequency-domain analysis;image texture;transforms;Markov random field;SIFT;count disparity;extremely dense crowd images;frequency-domain analysis;global consistency constraint;head counts;image region;low confidence head detections;multisource multiscale counting;scale-invariant feature transforms;texture elements repetition;Computer vision;Fourier transforms;Frequency-domain analysis;Head;Image reconstruction;Reliability;Videos;Counting;Dense Crowds;Markov Random Field;Multi-scale Analysis}, 
doi={10.1109/CVPR.2013.329}, 
ISSN={1063-6919},}

@article{overfeat,
  title={Overfeat: Integrated recognition, localization and detection using convolutional networks},
  author={Sermanet, Pierre and Eigen, David and Zhang, Xiang and Mathieu, Micha{\"e}l and Fergus, Rob and LeCun, Yann},
  journal={arXiv preprint arXiv:1312.6229},
  year={2013}
}
@article{mrf,
  title={Efficient belief propagation for early vision},
  author={Felzenszwalb, Pedro F and Huttenlocher, Daniel P},
  journal={International journal of computer vision},
  volume={70},
  number={1},
  pages={41--54},
  year={2006},
  publisher={Springer}
}
